<?xml version="1.0" encoding="UTF-8"?><record xmlns="http://www.loc.gov/MARC21/slim" xmlns:cinclude="http://apache.org/cocoon/include/1.0" xmlns:zs="http://www.loc.gov/zing/srw/">
  <leader>00631cz  a2200145n  4500</leader>
  <controlfield tag="001">n  86120571 </controlfield>
  <controlfield tag="003">DLC</controlfield>
  <controlfield tag="005">20020301064217.0</controlfield>
  <controlfield tag="008">870508n| acannaab|          |n aaa      </controlfield>
  <datafield tag="010" ind1=" " ind2=" ">
    <subfield code="a">n  86120571 </subfield>
  </datafield>
  <datafield tag="040" ind1=" " ind2=" ">
    <subfield code="a">DLC</subfield>
    <subfield code="c">DLC</subfield>
    <subfield code="d">DLC</subfield>
    <subfield code="d">Uk</subfield>
  </datafield>
  <datafield tag="100" ind1="1" ind2="0">
    <subfield code="a">Zahn, Erich</subfield>
  </datafield>
  <datafield tag="670" ind1=" " ind2=" ">
    <subfield code="a">Technologie- und Innovationsmanagement, c1986:</subfield>
    <subfield code="b">t.p. (Erich Zahn) p. 293 (Dr. rer. pol., Dipl.-Kfm.; Univ. Stuttgart)</subfield>
  </datafield>
  <datafield tag="670" ind1=" " ind2=" ">
    <subfield code="a">LC data base, 5-6-87</subfield>
    <subfield code="b">(hdg.: Zahn, Erich)</subfield>
  </datafield>
  <datafield tag="670" ind1=" " ind2=" ">
    <subfield code="a">System Dynamics Society. International Conference (1989: Stuttgart, Germany). Computer-based management of complex systems, c1989:</subfield>
    <subfield code="b">CIP t.p. (Erich O.K. Zahn) data sheet (b. 2-24-40)</subfield>
  </datafield>
</record>